@article{nathan2008movement,
  title={A movement ecology paradigm for unifying organismal movement research},
  author={Nathan, Ran and Getz, Wayne M and Revilla, Eloy and Holyoak, Marcel and Kadmon, Ronen and Saltz, David and Smouse, Peter E},
  journal={Proceedings of the National Academy of Sciences},
  volume={105},
  number={49},
  pages={19052--19059},
  year={2008},
  publisher={National Acad Sciences}
}
@article{bastille2016flexible,
  title={Flexible characterization of animal movement pattern using net squared displacement and a latent state model},
  author={Bastille-Rousseau, Guillaume and Potts, Jonathan R and Yackulic, Charles B and Frair, Jacqueline L and Ellington, E Hance and Blake, Stephen},
  journal={Movement ecology},
  volume={4},
  number={1},
  pages={1--12},
  year={2016},
  publisher={BioMed Central}
}